<record><leader>00000cas a22000007a 4500</leader><controlfield tag="001">18793452</controlfield><controlfield tag="008">881122d19471989mouwr ne      0    0eng d</controlfield><datafield ind1=" " ind2=" " tag="010"><subfield code="a">sn 88068104 </subfield></datafield><datafield ind1=" " ind2=" " tag="040"><subfield code="a">MQN</subfield><subfield code="b">eng</subfield><subfield code="c">MQN</subfield><subfield code="d">OCLCQ</subfield></datafield><datafield ind1="0" ind2="0" tag="245"><subfield code="a">South-St. Louis County news.</subfield></datafield><datafield ind1="3" ind2="0" tag="246"><subfield code="a">South Saint Louis County news</subfield></datafield><datafield ind1=" " ind2=" " tag="260"><subfield code="a">Affton, Mo. :</subfield><subfield code="b">County News,</subfield><subfield code="c">1947-</subfield></datafield><datafield ind1=" " ind2=" " tag="300"><subfield code="a">v.</subfield></datafield><datafield ind1=" " ind2=" " tag="310"><subfield code="a">Weekly</subfield></datafield><datafield ind1="0" ind2=" " tag="362"><subfield code="a">Vol. 1, no. 1 (May 8, 1947)-</subfield></datafield><datafield ind1="1" ind2=" " tag="362"><subfield code="a">Ceased in 1989.</subfield></datafield><datafield ind1=" " ind2=" " tag="500"><subfield code="a">"Serving the residents of Affton, Sappington, Fenton, and all rural routes from these post offices"--May 8, 1947.</subfield></datafield><datafield ind1=" " ind2=" " tag="500"><subfield code="a">Published in St. Louis, Mo., Jan. 1955-&lt;1989&gt;.</subfield></datafield><datafield ind1=" " ind2=" " tag="752"><subfield code="a">United States</subfield><subfield code="b">Missouri</subfield><subfield code="d">Saint Louis.</subfield></datafield><datafield ind1=" " ind2=" " tag="752"><subfield code="a">United States</subfield><subfield code="b">Missouri</subfield><subfield code="c">Saint Louis</subfield><subfield code="d">Affton.</subfield></datafield><datafield ind1=" " ind2=" " tag="752"><subfield code="a">United States</subfield><subfield code="b">Missouri</subfield><subfield code="c">Saint Louis</subfield><subfield code="d">Sappington.</subfield></datafield><datafield ind1=" " ind2=" " tag="752"><subfield code="a">United States</subfield><subfield code="b">Missouri</subfield><subfield code="c">Saint Louis</subfield><subfield code="d">Fenton.</subfield></datafield><datafield ind1="0" ind2="7" tag="785"><subfield code="t">Gravois-Watson times</subfield><subfield code="w">(DLC)sn 89066807</subfield></datafield><datafield ind1="0" ind2="7" tag="785"><subfield code="t">South County news-times</subfield><subfield code="w">(DLC)sn 89066461</subfield></datafield></record>